@proceedings{45564,
title = {Recent Advances in Google Real-time HMM-driven Unit Selection Synthesizer},
editor  = {Xavi Gonzalvo and Siamak Tazari and Chun-an Chan and Markus Becker and Alexander Gutkin and Hanna Silen},	
year  = 2016,
URL = {http://www.isca-speech.org/archive/Interspeech_2016/pdfs/0264.PDF},
booktitle = {INTERSPEECH 2016},
pages = {2238--2242},
address = {Sep 8-12, San Francisco, USA}
},
@article{Jin:2017:VTI,
  author = "Zeyu Jin and Gautham J. Mysore and Stephen DiVerdi and Jingwan
    Lu and Adam Finkelstein",
  title = "{VoCo}: Text-based Insertion and Replacement in Audio Narration",
  journal = "ACM Transactions on Graphics",
  year = "2017",
  month = jul,
  volume = "36",
  number = "4",
  pages = "Article 96, 13 pages"
},
@article{Jin:2016:CAC,
  author = "Zeyu Jin and Adam Finkelstein and Stephen DiVerdi and Jingwan Lu
    and Gautham J. Mysore",
  title = "{CUTE}: a Concatenative Method for Voice Conversion Using
    Exemplar-based Unit Selection",
  journal = "The 41st IEEE International Conference on Acoustics, Speech and
    Signal Processing (ICASSP)",
  year = "2016",
  month = mar
},
@INPROCEEDINGS{4960478, 
author={S. Desai and E. V. Raghavendra and B. Yegnanarayana and A. W. Black and K. Prahallad}, 
booktitle={2009 IEEE International Conference on Acoustics, Speech and Signal Processing}, 
title={Voice conversion using Artificial Neural Networks}, 
year={2009}, 
volume={}, 
number={}, 
pages={3893-3896}, 
keywords={Gaussian processes;neural nets;spectral analysis;speech intelligibility;speech processing;ANN;Gaussian mixture model;artificial neural networks;source speaker;spectral feature mapping;speech intelligibility;target speaker;voice conversion;Artificial neural networks;Books;Data mining;Databases;Filters;Frequency estimation;Loudspeakers;Speech synthesis;Training data;Vectors;Artificial Neural Networks;Gaussian Mixture Model;Voice conversion}, 
doi={10.1109/ICASSP.2009.4960478}, 
ISSN={1520-6149}, 
month={April},
},
@article{DBLP:journals/corr/OordDZSVGKSK16,
  author    = {A{\"{a}}ron van den Oord and
               Sander Dieleman and
               Heiga Zen and
               Karen Simonyan and
               Oriol Vinyals and
               Alex Graves and
               Nal Kalchbrenner and
               Andrew W. Senior and
               Koray Kavukcuoglu},
  title     = {WaveNet: {A} Generative Model for Raw Audio},
  journal   = {CoRR},
  volume    = {abs/1609.03499},
  year      = {2016},
  url       = {http://arxiv.org/abs/1609.03499},
  timestamp = {Wed, 07 Jun 2017 14:42:54 +0200},
  biburl    = {http://dblp.uni-trier.de/rec/bib/journals/corr/OordDZSVGKSK16},
  bibsource = {dblp computer science bibliography, http://dblp.org}
},
@article{DBLP:journals/corr/ArikCCDGKLMRSS17,
  author    = {Sercan {\"{O}}mer Arik and
               Mike Chrzanowski and
               Adam Coates and
               Greg Diamos and
               Andrew Gibiansky and
               Yongguo Kang and
               Xian Li and
               John Miller and
               Jonathan Raiman and
               Shubho Sengupta and
               Mohammad Shoeybi},
  title     = {Deep Voice: Real-time Neural Text-to-Speech},
  journal   = {CoRR},
  volume    = {abs/1702.07825},
  year      = {2017},
  url       = {http://arxiv.org/abs/1702.07825},
  timestamp = {Thu, 20 Jul 2017 09:10:42 +0200},
  biburl    = {http://dblp.uni-trier.de/rec/bib/journals/corr/ArikCCDGKLMRSS17},
  bibsource = {dblp computer science bibliography, http://dblp.org}
},
@article{DBLP:journals/corr/ZenAEHS16,
  author    = {Heiga Zen and
               Yannis Agiomyrgiannakis and
               Niels Egberts and
               Fergus Henderson and
               Przemyslaw Szczepaniak},
  title     = {Fast, Compact, and High Quality {LSTM-RNN} Based Statistical Parametric
               Speech Synthesizers for Mobile Devices},
  journal   = {CoRR},
  volume    = {abs/1606.06061},
  year      = {2016},
  url       = {http://arxiv.org/abs/1606.06061},
  timestamp = {Wed, 07 Jun 2017 14:41:54 +0200},
  biburl    = {http://dblp.uni-trier.de/rec/bib/journals/corr/ZenAEHS16},
  bibsource = {dblp computer science bibliography, http://dblp.org}
},
@inproceedings{43266,
title = {Unidirectional Long Short-Term Memory Recurrent Neural Network with Recurrent Output Layer for Low-Latency Speech Synthesis},
author  = {Heiga Zen and Hasim Sak},
year  = 2015,
booktitle = {Proceedings of the IEEE International Conference on Acoustics, Speech, and Signal Processing (ICASSP)},
pages = {4470--4474}
},
@inproceedings{unknown,
author = {Panayotov, Vassil and Chen, Guoguo and Povey, Daniel and Khudanpur, Sanjeev},
year = {2015},
month = {04},
pages = {5206-5210},
title = {Librispeech: An ASR corpus based on public domain audio books}
},
@inproceedings{Hunt:1996:USC:1256383.1256532,
 author = {Hunt, A. J. and Black, A. W.},
 title = {Unit Selection in a Concatenative Speech Synthesis System Using a Large Speech Database},
 booktitle = {Proceedings of the Acoustics, Speech, and Signal Processing, 1996. On Conference Proceedings., 1996 IEEE International Conference - Volume 01},
 series = {ICASSP '96},
 year = {1996},
 isbn = {0-7803-3192-3},
 pages = {373--376},
 numpages = {4},
 url = {http://dx.doi.org/10.1109/ICASSP.1996.541110},
 doi = {10.1109/ICASSP.1996.541110},
 acmid = {1256532},
 publisher = {IEEE Computer Society},
 address = {Washington, DC, USA},
}